@InCollection{original,
 author = {L\'aszl\'o Lov\'asz and Paul Erd\"os},
 title = {Problems and results on 3-chromatic hypergraphs and some related questions},
 crossref = {infinitefinite},
publisher = {North Holland},
pages = {609-627},
year = {April 1975}
}
@book{infinitefinite,
  title={Infinite and finite sets: to Paul Erd{\"o}s on his 60th birthday},
  author={Erd{\H{o}}s, P. and Hajnal, A. and Rado, R. and S{\'o}s, V.T. and Bolyai J{\'a}nos Matematikai T{\'a}rsulat},
  number={v. 2},
  lccn={75321560},
  series={Colloquia mathematica Societatis J{\'a}nos Bolyai},
  url={http://books.google.co.in/books?id=lbYrAAAAYAAJ},
  year={1975},
  publisher={North-Holland Pub. Co.}
}

@Book{linear,
 author = {Murty, Katta},
 title = {Linear programming},
 publisher = {Wiley},
 year = {1983},
 address = {New York},
 isbn = {047109725X}
 }

@Book{assym,
 title = {The probabilistic method},
 publisher = {Wiley-Interscience},
 year = {2000},
author = {Alon,Naga and Spencer, Joel H.},
address = {New York}
}
@incollection{random,
  author    = {Rajeev Motwani and
               Prabhakar Raghavan},
  title     = {Randomized Algorithms},
  booktitle = {The Computer Science and Engineering Handbook},
  year      = {1997},
  pages     = {141-161},
  crossref  = {book},
  bibsource = {DBLP, http://dblp.uni-trier.de}
}

@book{book,
  editor    = {Allen B. Tucker},
  title     = {The Computer Science and Engineering Handbook},
  publisher = {CRC Press},
  year      = {1997},
  isbn      = {0-8493-2909-4},
  bibsource = {DBLP, http://dblp.uni-trier.de}
}


@inproceedings{srinivasan,
   author              = {A Srinivasan},
   title               = {Approximation algorithms via randomized rounding: a survey},
   journal             = {Lectures on Approximation and Randomized Algorithms (M. Karonski and HJ Promel, editors), Series in Advanced Topics in Mathematics, Polish Scientific Publishers PWN},
   year                = {1999},
   pages               = {9--71},
}


@article{constructive,
  author    = {Robin A. Moser and
               G{\'a}bor Tardos},
  title     = {A constructive proof of the general lov{\'a}sz local
               lemma},
  journal   = {J. ACM},
  volume    = {57},
  number    = {2},
  year      = {2010},
  ee        = {http://doi.acm.org/10.1145/1667053.1667060},
  bibsource = {DBLP, http://dblp.uni-trier.de}
}

@article{jobshop,
  added-at = {2011-05-20T00:00:00.000+0200},
  author = {Leighton, Frank Thomson and Maggs, Bruce M. and Rao, Satish},
  biburl = {http://www.bibsonomy.org/bibtex/2c1e58f1aa66fe17dbfefb24c047ee9a8/dblp},
  ee = {http://dx.doi.org/10.1007/BF01215349},
  interhash = {bb241293749f4db45a5ff531f86ebcad},
  intrahash = {c1e58f1aa66fe17dbfefb24c047ee9a8},
  journal = {Combinatorica},
  keywords = {dblp},
  number = 2,
  pages = {167-186},
  timestamp = {2011-05-20T00:00:00.000+0200},
  title = {Packet Routing and Job-Shop Scheduling in {O}(Congestion + Dilation) Steps.},
  url = {http://dblp.uni-trier.de/db/journals/combinatorica/combinatorica14.html#LeightonMR94},
  volume = 14,
  year = 1994
}

@article{shopadvance,
  author    = {David B. Shmoys and
               Clifford Stein and
               Joel Wein},
  title     = {Improved Approximation Algorithms for Shop Scheduling Problems},
  journal   = {SIAM J. Comput.},
  volume    = {23},
  number    = {3},
  year      = {1994},
  pages     = {617-632},
  ee        = {http://dx.doi.org/10.1137/S009753979222676X},
  bibsource = {DBLP, http://dblp.uni-trier.de}
}
